@article{dworkin2020extent,
  title={The extent and drivers of gender imbalance in neuroscience reference lists},
  author={Dworkin, Jordan D and Linn, Kristin A and Teich, Erin G and Zurn, Perry and Shinohara, Russell T and Bassett, Danielle S},
  journal={Nature neuroscience},
  volume={23},
  number={8},
  pages={918--926},
  year={2020},
  publisher={Nature Publishing Group}
}